%YAML 1.1
%TAG !u! tag:unity3d.com,2011:
--- !u!29 &1
OcclusionCullingSettings:
  m_ObjectHideFlags: 0
  serializedVersion: 2
  m_OcclusionBakeSettings:
    smallestOccluder: 5
    smallestHole: 0.25
    backfaceThreshold: 100
  m_SceneGUID: 00000000000000000000000000000000
  m_OcclusionCullingData: {fileID: 0}
--- !u!104 &2
RenderSettings:
  m_ObjectHideFlags: 0
  serializedVersion: 8
  m_Fog: 0
  m_FogColor: {r: 0.5, g: 0.5, b: 0.5, a: 1}
  m_FogMode: 3
  m_FogDensity: 0.01
  m_LinearFogStart: 0
  m_LinearFogEnd: 300
  m_AmbientSkyColor: {r: 0.212, g: 0.227, b: 0.259, a: 1}
  m_AmbientEquatorColor: {r: 0.114, g: 0.125, b: 0.133, a: 1}
  m_AmbientGroundColor: {r: 0.047, g: 0.043, b: 0.035, a: 1}
  m_AmbientIntensity: 1
  m_AmbientMode: 0
  m_SubtractiveShadowColor: {r: 0.42, g: 0.478, b: 0.627, a: 1}
  m_SkyboxMaterial: {fileID: 10304, guid: 0000000000000000f000000000000000, type: 0}
  m_HaloStrength: 0.5
  m_FlareStrength: 1
  m_FlareFadeSpeed: 3
  m_HaloTexture: {fileID: 0}
  m_SpotCookie: {fileID: 10001, guid: 0000000000000000e000000000000000, type: 0}
  m_DefaultReflectionMode: 0
  m_DefaultReflectionResolution: 128
  m_ReflectionBounces: 1
  m_ReflectionIntensity: 1
  m_CustomReflection: {fileID: 0}
  m_Sun: {fileID: 0}
  m_IndirectSpecularColor: {r: 0.44657826, g: 0.49641263, b: 0.57481676, a: 1}
--- !u!157 &3
LightmapSettings:
  m_ObjectHideFlags: 0
  serializedVersion: 11
  m_GIWorkflowMode: 0
  m_GISettings:
    serializedVersion: 2
    m_BounceScale: 1
    m_IndirectOutputScale: 1
    m_AlbedoBoost: 1
    m_TemporalCoherenceThreshold: 1
    m_EnvironmentLightingMode: 0
    m_EnableBakedLightmaps: 1
    m_EnableRealtimeLightmaps: 1
  m_LightmapEditorSettings:
    serializedVersion: 9
    m_Resolution: 2
    m_BakeResolution: 40
    m_TextureWidth: 1024
    m_TextureHeight: 1024
    m_AO: 0
    m_AOMaxDistance: 1
    m_CompAOExponent: 1
    m_CompAOExponentDirect: 0
    m_Padding: 2
    m_LightmapParameters: {fileID: 0}
    m_LightmapsBakeMode: 1
    m_TextureCompression: 1
    m_FinalGather: 0
    m_FinalGatherFiltering: 1
    m_FinalGatherRayCount: 256
    m_ReflectionCompression: 2
    m_MixedBakeMode: 2
    m_BakeBackend: 0
    m_PVRSampling: 1
    m_PVRDirectSampleCount: 32
    m_PVRSampleCount: 500
    m_PVRBounces: 2
    m_PVRFilterTypeDirect: 0
    m_PVRFilterTypeIndirect: 0
    m_PVRFilterTypeAO: 0
    m_PVRFilteringMode: 1
    m_PVRCulling: 1
    m_PVRFilteringGaussRadiusDirect: 1
    m_PVRFilteringGaussRadiusIndirect: 5
    m_PVRFilteringGaussRadiusAO: 2
    m_PVRFilteringAtrousPositionSigmaDirect: 0.5
    m_PVRFilteringAtrousPositionSigmaIndirect: 2
    m_PVRFilteringAtrousPositionSigmaAO: 1
    m_ShowResolutionOverlay: 1
  m_LightingDataAsset: {fileID: 0}
  m_UseShadowmask: 1
--- !u!196 &4
NavMeshSettings:
  serializedVersion: 2
  m_ObjectHideFlags: 0
  m_BuildSettings:
    serializedVersion: 2
    agentTypeID: 0
    agentRadius: 0.5
    agentHeight: 2
    agentSlope: 45
    agentClimb: 0.4
    ledgeDropHeight: 0
    maxJumpAcrossDistance: 0
    minRegionArea: 2
    manualCellSize: 0
    cellSize: 0.16666667
    manualTileSize: 0
    tileSize: 256
    accuratePlacement: 0
    debug:
      m_Flags: 0
  m_NavMeshData: {fileID: 0}
--- !u!1 &247419552
GameObject:
  m_ObjectHideFlags: 0
  m_PrefabParentObject: {fileID: 0}
  m_PrefabInternal: {fileID: 0}
  serializedVersion: 5
  m_Component:
  - component: {fileID: 247419555}
  - component: {fileID: 247419554}
  - component: {fileID: 247419553}
  m_Layer: 0
  m_Name: InfoText
  m_TagString: Untagged
  m_Icon: {fileID: 0}
  m_NavMeshLayer: 0
  m_StaticEditorFlags: 0
  m_IsActive: 1
--- !u!102 &247419553
TextMesh:
  serializedVersion: 3
  m_ObjectHideFlags: 0
  m_PrefabParentObject: {fileID: 0}
  m_PrefabInternal: {fileID: 0}
  m_GameObject: {fileID: 247419552}
  m_Text: LocationManager status
  m_OffsetZ: 0
  m_CharacterSize: 1
  m_LineSpacing: 1
  m_Anchor: 0
  m_Alignment: 0
  m_TabSize: 4
  m_FontSize: 0
  m_FontStyle: 0
  m_RichText: 1
  m_Font: {fileID: 10102, guid: 0000000000000000e000000000000000, type: 0}
  m_Color:
    serializedVersion: 2
    rgba: 4278190080
--- !u!23 &247419554
MeshRenderer:
  m_ObjectHideFlags: 0
  m_PrefabParentObject: {fileID: 0}
  m_PrefabInternal: {fileID: 0}
  m_GameObject: {fileID: 247419552}
  m_Enabled: 1
  m_CastShadows: 1
  m_ReceiveShadows: 1
  m_DynamicOccludee: 1
  m_MotionVectors: 1
  m_LightProbeUsage: 1
  m_ReflectionProbeUsage: 1
  m_Materials:
  - {fileID: 10100, guid: 0000000000000000e000000000000000, type: 0}
  m_StaticBatchInfo:
    firstSubMesh: 0
    subMeshCount: 0
  m_StaticBatchRoot: {fileID: 0}
  m_ProbeAnchor: {fileID: 0}
  m_LightProbeVolumeOverride: {fileID: 0}
  m_ScaleInLightmap: 1
  m_PreserveUVs: 0
  m_IgnoreNormalsForChartDetection: 0
  m_ImportantGI: 0
  m_StitchLightmapSeams: 0
  m_SelectedEditorRenderState: 3
  m_MinimumChartSize: 4
  m_AutoUVMaxDistance: 0.5
  m_AutoUVMaxAngle: 89
  m_LightmapParameters: {fileID: 0}
  m_SortingLayerID: 0
  m_SortingLayer: 0
  m_SortingOrder: 0
--- !u!4 &247419555
Transform:
  m_ObjectHideFlags: 0
  m_PrefabParentObject: {fileID: 0}
  m_PrefabInternal: {fileID: 0}
  m_GameObject: {fileID: 247419552}
  m_LocalRotation: {x: 0.7071068, y: -0, z: -0, w: 0.7071068}
  m_LocalPosition: {x: -20.6, y: 0, z: 11.8}
  m_LocalScale: {x: 1, y: 1, z: 1}
  m_Children: []
  m_Father: {fileID: 678656309}
  m_RootOrder: 4
  m_LocalEulerAnglesHint: {x: 90, y: 0, z: 0}
--- !u!1 &678656308
GameObject:
  m_ObjectHideFlags: 0
  m_PrefabParentObject: {fileID: 0}
  m_PrefabInternal: {fileID: 0}
  serializedVersion: 5
  m_Component:
  - component: {fileID: 678656309}
  - component: {fileID: 678656310}
  - component: {fileID: 678656313}
  - component: {fileID: 678656314}
  - component: {fileID: 678656311}
  - component: {fileID: 678656312}
  m_Layer: 0
  m_Name: Scene
  m_TagString: Untagged
  m_Icon: {fileID: 0}
  m_NavMeshLayer: 0
  m_StaticEditorFlags: 0
  m_IsActive: 1
--- !u!4 &678656309
Transform:
  m_ObjectHideFlags: 0
  m_PrefabParentObject: {fileID: 0}
  m_PrefabInternal: {fileID: 0}
  m_GameObject: {fileID: 678656308}
  m_LocalRotation: {x: 0, y: 0, z: 0, w: 1}
  m_LocalPosition: {x: 0, y: 0, z: 0}
  m_LocalScale: {x: 1, y: 1, z: 1}
  m_Children:
  - {fileID: 1681855626}
  - {fileID: 1964379201}
  - {fileID: 1323951883}
  - {fileID: 1950913524}
  - {fileID: 247419555}
  m_Father: {fileID: 0}
  m_RootOrder: 3
  m_LocalEulerAnglesHint: {x: 0, y: 0, z: 0}
--- !u!114 &678656310
MonoBehaviour:
  m_ObjectHideFlags: 0
  m_PrefabParentObject: {fileID: 0}
  m_PrefabInternal: {fileID: 0}
  m_GameObject: {fileID: 678656308}
  m_Enabled: 1
  m_EditorHideFlags: 0
  m_Script: {fileID: 11500000, guid: 74ae431eff8434b0897d3f7f1cff4311, type: 3}
  m_Name: 
  m_EditorClassIdentifier: 
  OnStateChange:
    m_PersistentCalls:
      m_Calls: []
    m_TypeName: TouchScript.Gestures.Gesture+GestureEvent, Assembly-CSharp, Version=0.0.0.0,
      Culture=neutral, PublicKeyToken=null
  basicEditor: 0
  generalProps: 0
  limitsProps: 0
  advancedProps: 0
  minPointers: 1
  maxPointers: 1
  useSendMessage: 0
  sendStateChangeMessages: 0
  sendMessageTarget: {fileID: 0}
  useUnityEvents: 0
  sendStateChangeEvents: 0
  requireGestureToFail: {fileID: 0}
  friendlyGestures: []
  OnTransformStart:
    m_PersistentCalls:
      m_Calls: []
    m_TypeName: TouchScript.Gestures.Gesture+GestureEvent, Assembly-CSharp, Version=0.0.0.0,
      Culture=neutral, PublicKeyToken=null
  OnTransform:
    m_PersistentCalls:
      m_Calls: []
    m_TypeName: TouchScript.Gestures.Gesture+GestureEvent, Assembly-CSharp, Version=0.0.0.0,
      Culture=neutral, PublicKeyToken=null
  OnTransformComplete:
    m_PersistentCalls:
      m_Calls: []
    m_TypeName: TouchScript.Gestures.Gesture+GestureEvent, Assembly-CSharp, Version=0.0.0.0,
      Culture=neutral, PublicKeyToken=null
  type: 1
  screenTransformThreshold: 0.05
  minScreenPointsDistance: 0.5
--- !u!114 &678656311
MonoBehaviour:
  m_ObjectHideFlags: 0
  m_PrefabParentObject: {fileID: 0}
  m_PrefabInternal: {fileID: 0}
  m_GameObject: {fileID: 678656308}
  m_Enabled: 1
  m_EditorHideFlags: 0
  m_Script: {fileID: 11500000, guid: bc7fd33c57d694994b0ab9f33fcdcbea, type: 3}
  m_Name: 
  m_EditorClassIdentifier: 
  Name: Fullscreen @ Camera
  type: 0
  _camera: {fileID: 1399255549}
--- !u!114 &678656312
MonoBehaviour:
  m_ObjectHideFlags: 0
  m_PrefabParentObject: {fileID: 0}
  m_PrefabInternal: {fileID: 0}
  m_GameObject: {fileID: 678656308}
  m_Enabled: 1
  m_EditorHideFlags: 0
  m_Script: {fileID: 11500000, guid: 8bd69319e72de7145b965157621040ed, type: 3}
  m_Name: 
  m_EditorClassIdentifier: 
  dragToPanGesture: {fileID: 678656310}
  zoomAndRotateGesture: {fileID: 678656313}
  tiltGesture: {fileID: 678656314}
  maxPanSpeed: 0.01
  zoomSpeed: 10
  rotationSpeed: 1
  minTilt: 0
  maxTilt: 90
  tiltSpeed: 200
  pivot: {fileID: 1964379201}
  cam: {fileID: 1399255550}
  mapBoundBox: {fileID: 1996344965}
--- !u!114 &678656313
MonoBehaviour:
  m_ObjectHideFlags: 0
  m_PrefabParentObject: {fileID: 0}
  m_PrefabInternal: {fileID: 0}
  m_GameObject: {fileID: 678656308}
  m_Enabled: 1
  m_EditorHideFlags: 0
  m_Script: {fileID: 11500000, guid: 74ae431eff8434b0897d3f7f1cff4311, type: 3}
  m_Name: 
  m_EditorClassIdentifier: 
  OnStateChange:
    m_PersistentCalls:
      m_Calls: []
    m_TypeName: TouchScript.Gestures.Gesture+GestureEvent, Assembly-CSharp, Version=0.0.0.0,
      Culture=neutral, PublicKeyToken=null
  basicEditor: 0
  generalProps: 0
  limitsProps: 0
  advancedProps: 0
  minPointers: 2
  maxPointers: 10
  useSendMessage: 0
  sendStateChangeMessages: 0
  sendMessageTarget: {fileID: 0}
  useUnityEvents: 0
  sendStateChangeEvents: 0
  requireGestureToFail: {fileID: 0}
  friendlyGestures: []
  OnTransformStart:
    m_PersistentCalls:
      m_Calls: []
    m_TypeName: TouchScript.Gestures.Gesture+GestureEvent, Assembly-CSharp, Version=0.0.0.0,
      Culture=neutral, PublicKeyToken=null
  OnTransform:
    m_PersistentCalls:
      m_Calls: []
    m_TypeName: TouchScript.Gestures.Gesture+GestureEvent, Assembly-CSharp, Version=0.0.0.0,
      Culture=neutral, PublicKeyToken=null
  OnTransformComplete:
    m_PersistentCalls:
      m_Calls: []
    m_TypeName: TouchScript.Gestures.Gesture+GestureEvent, Assembly-CSharp, Version=0.0.0.0,
      Culture=neutral, PublicKeyToken=null
  type: 6
  screenTransformThreshold: 0.1
  minScreenPointsDistance: 0.5
--- !u!114 &678656314
MonoBehaviour:
  m_ObjectHideFlags: 0
  m_PrefabParentObject: {fileID: 0}
  m_PrefabInternal: {fileID: 0}
  m_GameObject: {fileID: 678656308}
  m_Enabled: 1
  m_EditorHideFlags: 0
  m_Script: {fileID: 11500000, guid: 74ae431eff8434b0897d3f7f1cff4311, type: 3}
  m_Name: 
  m_EditorClassIdentifier: 
  OnStateChange:
    m_PersistentCalls:
      m_Calls: []
    m_TypeName: TouchScript.Gestures.Gesture+GestureEvent, Assembly-CSharp, Version=0.0.0.0,
      Culture=neutral, PublicKeyToken=null
  basicEditor: 0
  generalProps: 0
  limitsProps: 0
  advancedProps: 0
  minPointers: 2
  maxPointers: 10
  useSendMessage: 0
  sendStateChangeMessages: 0
  sendMessageTarget: {fileID: 0}
  useUnityEvents: 0
  sendStateChangeEvents: 0
  requireGestureToFail: {fileID: 0}
  friendlyGestures: []
  OnTransformStart:
    m_PersistentCalls:
      m_Calls: []
    m_TypeName: TouchScript.Gestures.Gesture+GestureEvent, Assembly-CSharp, Version=0.0.0.0,
      Culture=neutral, PublicKeyToken=null
  OnTransform:
    m_PersistentCalls:
      m_Calls: []
    m_TypeName: TouchScript.Gestures.Gesture+GestureEvent, Assembly-CSharp, Version=0.0.0.0,
      Culture=neutral, PublicKeyToken=null
  OnTransformComplete:
    m_PersistentCalls:
      m_Calls: []
    m_TypeName: TouchScript.Gestures.Gesture+GestureEvent, Assembly-CSharp, Version=0.0.0.0,
      Culture=neutral, PublicKeyToken=null
  type: 1
  screenTransformThreshold: 0.15
  minScreenPointsDistance: 0.5
--- !u!1 &779681091 stripped
GameObject:
  m_PrefabParentObject: {fileID: 1546829759006650, guid: 67ed1204d6521bb42a5e874e0c951976,
    type: 2}
  m_PrefabInternal: {fileID: 974760460}
--- !u!64 &779681092
MeshCollider:
  m_ObjectHideFlags: 0
  m_PrefabParentObject: {fileID: 0}
  m_PrefabInternal: {fileID: 0}
  m_GameObject: {fileID: 779681091}
  m_Material: {fileID: 0}
  m_IsTrigger: 0
  m_Enabled: 1
  serializedVersion: 3
  m_Convex: 0
  m_CookingOptions: 14
  m_SkinWidth: 0.01
  m_Mesh: {fileID: 4300072, guid: 6e9f92d90a3d7f341a033e6c2f622cfc, type: 3}
--- !u!4 &786588189 stripped
Transform:
  m_PrefabParentObject: {fileID: 4054597154446312, guid: 67ed1204d6521bb42a5e874e0c951976,
    type: 2}
  m_PrefabInternal: {fileID: 974760460}
--- !u!1001 &974760460
Prefab:
  m_ObjectHideFlags: 0
  serializedVersion: 2
  m_Modification:
    m_TransformParent: {fileID: 678656309}
    m_Modifications:
    - target: {fileID: 4574266667487922, guid: 67ed1204d6521bb42a5e874e0c951976, type: 2}
      propertyPath: m_LocalPosition.x
      value: 0.2237568
      objectReference: {fileID: 0}
    - target: {fileID: 4574266667487922, guid: 67ed1204d6521bb42a5e874e0c951976, type: 2}
      propertyPath: m_LocalPosition.y
      value: -0.3154882
      objectReference: {fileID: 0}
    - target: {fileID: 4574266667487922, guid: 67ed1204d6521bb42a5e874e0c951976, type: 2}
      propertyPath: m_LocalPosition.z
      value: -5.649761
      objectReference: {fileID: 0}
    - target: {fileID: 4574266667487922, guid: 67ed1204d6521bb42a5e874e0c951976, type: 2}
      propertyPath: m_LocalRotation.x
      value: -0
      objectReference: {fileID: 0}
    - target: {fileID: 4574266667487922, guid: 67ed1204d6521bb42a5e874e0c951976, type: 2}
      propertyPath: m_LocalRotation.y
      value: 1
      objectReference: {fileID: 0}
    - target: {fileID: 4574266667487922, guid: 67ed1204d6521bb42a5e874e0c951976, type: 2}
      propertyPath: m_LocalRotation.z
      value: -0
      objectReference: {fileID: 0}
    - target: {fileID: 4574266667487922, guid: 67ed1204d6521bb42a5e874e0c951976, type: 2}
      propertyPath: m_LocalRotation.w
      value: 0
      objectReference: {fileID: 0}
    - target: {fileID: 4574266667487922, guid: 67ed1204d6521bb42a5e874e0c951976, type: 2}
      propertyPath: m_RootOrder
      value: 2
      objectReference: {fileID: 0}
    - target: {fileID: 23892535750142280, guid: 67ed1204d6521bb42a5e874e0c951976,
        type: 2}
      propertyPath: m_Materials.Array.data[0]
      value: 
      objectReference: {fileID: 2100000, guid: 2a0565f953335834ba4fd1f06f8d8776, type: 2}
    - target: {fileID: 23252476396581596, guid: 67ed1204d6521bb42a5e874e0c951976,
        type: 2}
      propertyPath: m_Materials.Array.data[0]
      value: 
      objectReference: {fileID: 2100000, guid: 2a0565f953335834ba4fd1f06f8d8776, type: 2}
    - target: {fileID: 23434994827257116, guid: 67ed1204d6521bb42a5e874e0c951976,
        type: 2}
      propertyPath: m_Materials.Array.data[0]
      value: 
      objectReference: {fileID: 2100000, guid: 2a0565f953335834ba4fd1f06f8d8776, type: 2}
    - target: {fileID: 23414806325820046, guid: 67ed1204d6521bb42a5e874e0c951976,
        type: 2}
      propertyPath: m_Materials.Array.data[0]
      value: 
      objectReference: {fileID: 2100000, guid: 2a0565f953335834ba4fd1f06f8d8776, type: 2}
    - target: {fileID: 23103069578667654, guid: 67ed1204d6521bb42a5e874e0c951976,
        type: 2}
      propertyPath: m_Materials.Array.data[0]
      value: 
      objectReference: {fileID: 2100000, guid: 2a0565f953335834ba4fd1f06f8d8776, type: 2}
    - target: {fileID: 23607343773686788, guid: 67ed1204d6521bb42a5e874e0c951976,
        type: 2}
      propertyPath: m_Materials.Array.data[0]
      value: 
      objectReference: {fileID: 2100000, guid: 2a0565f953335834ba4fd1f06f8d8776, type: 2}
    - target: {fileID: 23107596961269628, guid: 67ed1204d6521bb42a5e874e0c951976,
        type: 2}
      propertyPath: m_Materials.Array.data[0]
      value: 
      objectReference: {fileID: 2100000, guid: 2a0565f953335834ba4fd1f06f8d8776, type: 2}
    - target: {fileID: 23571764722125208, guid: 67ed1204d6521bb42a5e874e0c951976,
        type: 2}
      propertyPath: m_Materials.Array.data[0]
      value: 
      objectReference: {fileID: 2100000, guid: 2a0565f953335834ba4fd1f06f8d8776, type: 2}
    - target: {fileID: 23337957817059252, guid: 67ed1204d6521bb42a5e874e0c951976,
        type: 2}
      propertyPath: m_Materials.Array.data[0]
      value: 
      objectReference: {fileID: 2100000, guid: 2a0565f953335834ba4fd1f06f8d8776, type: 2}
    - target: {fileID: 23198359632546710, guid: 67ed1204d6521bb42a5e874e0c951976,
        type: 2}
      propertyPath: m_Materials.Array.data[0]
      value: 
      objectReference: {fileID: 2100000, guid: 2a0565f953335834ba4fd1f06f8d8776, type: 2}
    - target: {fileID: 23915848777910016, guid: 67ed1204d6521bb42a5e874e0c951976,
        type: 2}
      propertyPath: m_Materials.Array.data[0]
      value: 
      objectReference: {fileID: 2100000, guid: 2a0565f953335834ba4fd1f06f8d8776, type: 2}
    - target: {fileID: 23010091458451378, guid: 67ed1204d6521bb42a5e874e0c951976,
        type: 2}
      propertyPath: m_Materials.Array.data[0]
      value: 
      objectReference: {fileID: 2100000, guid: 2a0565f953335834ba4fd1f06f8d8776, type: 2}
    - target: {fileID: 23888399587642996, guid: 67ed1204d6521bb42a5e874e0c951976,
        type: 2}
      propertyPath: m_Materials.Array.data[0]
      value: 
      objectReference: {fileID: 2100000, guid: 2a0565f953335834ba4fd1f06f8d8776, type: 2}
    - target: {fileID: 23971685329065628, guid: 67ed1204d6521bb42a5e874e0c951976,
        type: 2}
      propertyPath: m_Materials.Array.data[0]
      value: 
      objectReference: {fileID: 2100000, guid: 2a0565f953335834ba4fd1f06f8d8776, type: 2}
    - target: {fileID: 23648020750132978, guid: 67ed1204d6521bb42a5e874e0c951976,
        type: 2}
      propertyPath: m_Materials.Array.data[0]
      value: 
      objectReference: {fileID: 2100000, guid: 2a0565f953335834ba4fd1f06f8d8776, type: 2}
    - target: {fileID: 23676154835381806, guid: 67ed1204d6521bb42a5e874e0c951976,
        type: 2}
      propertyPath: m_Materials.Array.data[0]
      value: 
      objectReference: {fileID: 2100000, guid: 2a0565f953335834ba4fd1f06f8d8776, type: 2}
    - target: {fileID: 23426014289331420, guid: 67ed1204d6521bb42a5e874e0c951976,
        type: 2}
      propertyPath: m_Materials.Array.data[0]
      value: 
      objectReference: {fileID: 2100000, guid: 2a0565f953335834ba4fd1f06f8d8776, type: 2}
    - target: {fileID: 23475788714502352, guid: 67ed1204d6521bb42a5e874e0c951976,
        type: 2}
      propertyPath: m_Materials.Array.data[0]
      value: 
      objectReference: {fileID: 2100000, guid: 2a0565f953335834ba4fd1f06f8d8776, type: 2}
    - target: {fileID: 23405075690343264, guid: 67ed1204d6521bb42a5e874e0c951976,
        type: 2}
      propertyPath: m_Materials.Array.data[0]
      value: 
      objectReference: {fileID: 2100000, guid: 2a0565f953335834ba4fd1f06f8d8776, type: 2}
    - target: {fileID: 23076435272642318, guid: 67ed1204d6521bb42a5e874e0c951976,
        type: 2}
      propertyPath: m_Materials.Array.data[0]
      value: 
      objectReference: {fileID: 2100000, guid: 2a0565f953335834ba4fd1f06f8d8776, type: 2}
    - target: {fileID: 23018227437052636, guid: 67ed1204d6521bb42a5e874e0c951976,
        type: 2}
      propertyPath: m_Materials.Array.data[0]
      value: 
      objectReference: {fileID: 2100000, guid: 2a0565f953335834ba4fd1f06f8d8776, type: 2}
    - target: {fileID: 23320086226080198, guid: 67ed1204d6521bb42a5e874e0c951976,
        type: 2}
      propertyPath: m_Materials.Array.data[0]
      value: 
      objectReference: {fileID: 2100000, guid: 2a0565f953335834ba4fd1f06f8d8776, type: 2}
    - target: {fileID: 23173294741007516, guid: 67ed1204d6521bb42a5e874e0c951976,
        type: 2}
      propertyPath: m_Materials.Array.data[0]
      value: 
      objectReference: {fileID: 2100000, guid: 2a0565f953335834ba4fd1f06f8d8776, type: 2}
    - target: {fileID: 23643251601541390, guid: 67ed1204d6521bb42a5e874e0c951976,
        type: 2}
      propertyPath: m_Materials.Array.data[0]
      value: 
      objectReference: {fileID: 2100000, guid: 2a0565f953335834ba4fd1f06f8d8776, type: 2}
    - target: {fileID: 23683382373125256, guid: 67ed1204d6521bb42a5e874e0c951976,
        type: 2}
      propertyPath: m_Materials.Array.data[0]
      value: 
      objectReference: {fileID: 2100000, guid: 2a0565f953335834ba4fd1f06f8d8776, type: 2}
    - target: {fileID: 23980572918468766, guid: 67ed1204d6521bb42a5e874e0c951976,
        type: 2}
      propertyPath: m_Materials.Array.data[0]
      value: 
      objectReference: {fileID: 2100000, guid: 2a0565f953335834ba4fd1f06f8d8776, type: 2}
    - target: {fileID: 23327822616800298, guid: 67ed1204d6521bb42a5e874e0c951976,
        type: 2}
      propertyPath: m_Materials.Array.data[0]
      value: 
      objectReference: {fileID: 2100000, guid: 2a0565f953335834ba4fd1f06f8d8776, type: 2}
    - target: {fileID: 23456692136934474, guid: 67ed1204d6521bb42a5e874e0c951976,
        type: 2}
      propertyPath: m_Materials.Array.data[0]
      value: 
      objectReference: {fileID: 2100000, guid: 2a0565f953335834ba4fd1f06f8d8776, type: 2}
    - target: {fileID: 23663435911926144, guid: 67ed1204d6521bb42a5e874e0c951976,
        type: 2}
      propertyPath: m_Materials.Array.data[0]
      value: 
      objectReference: {fileID: 2100000, guid: 2a0565f953335834ba4fd1f06f8d8776, type: 2}
    - target: {fileID: 23239764629219858, guid: 67ed1204d6521bb42a5e874e0c951976,
        type: 2}
      propertyPath: m_Materials.Array.data[0]
      value: 
      objectReference: {fileID: 2100000, guid: 2a0565f953335834ba4fd1f06f8d8776, type: 2}
    - target: {fileID: 23704148043648532, guid: 67ed1204d6521bb42a5e874e0c951976,
        type: 2}
      propertyPath: m_Materials.Array.data[0]
      value: 
      objectReference: {fileID: 2100000, guid: 2a0565f953335834ba4fd1f06f8d8776, type: 2}
    - target: {fileID: 23697060642848636, guid: 67ed1204d6521bb42a5e874e0c951976,
        type: 2}
      propertyPath: m_Materials.Array.data[0]
      value: 
      objectReference: {fileID: 2100000, guid: 2a0565f953335834ba4fd1f06f8d8776, type: 2}
    - target: {fileID: 23219838471360456, guid: 67ed1204d6521bb42a5e874e0c951976,
        type: 2}
      propertyPath: m_Materials.Array.data[0]
      value: 
      objectReference: {fileID: 2100000, guid: 2a0565f953335834ba4fd1f06f8d8776, type: 2}
    - target: {fileID: 23302007427736822, guid: 67ed1204d6521bb42a5e874e0c951976,
        type: 2}
      propertyPath: m_Materials.Array.data[0]
      value: 
      objectReference: {fileID: 2100000, guid: 2a0565f953335834ba4fd1f06f8d8776, type: 2}
    - target: {fileID: 23386706733519308, guid: 67ed1204d6521bb42a5e874e0c951976,
        type: 2}
      propertyPath: m_Materials.Array.data[0]
      value: 
      objectReference: {fileID: 2100000, guid: 2a0565f953335834ba4fd1f06f8d8776, type: 2}
    - target: {fileID: 23829024621090814, guid: 67ed1204d6521bb42a5e874e0c951976,
        type: 2}
      propertyPath: m_Materials.Array.data[0]
      value: 
      objectReference: {fileID: 2100000, guid: 2a0565f953335834ba4fd1f06f8d8776, type: 2}
    - target: {fileID: 23368967116987356, guid: 67ed1204d6521bb42a5e874e0c951976,
        type: 2}
      propertyPath: m_Materials.Array.data[0]
      value: 
      objectReference: {fileID: 2100000, guid: 2a0565f953335834ba4fd1f06f8d8776, type: 2}
    - target: {fileID: 23147376095045916, guid: 67ed1204d6521bb42a5e874e0c951976,
        type: 2}
      propertyPath: m_Materials.Array.data[0]
      value: 
      objectReference: {fileID: 2100000, guid: 2a0565f953335834ba4fd1f06f8d8776, type: 2}
    - target: {fileID: 23672771616321376, guid: 67ed1204d6521bb42a5e874e0c951976,
        type: 2}
      propertyPath: m_Materials.Array.data[0]
      value: 
      objectReference: {fileID: 2100000, guid: 2a0565f953335834ba4fd1f06f8d8776, type: 2}
    - target: {fileID: 23489763569459980, guid: 67ed1204d6521bb42a5e874e0c951976,
        type: 2}
      propertyPath: m_Materials.Array.data[0]
      value: 
      objectReference: {fileID: 2100000, guid: 2a0565f953335834ba4fd1f06f8d8776, type: 2}
    - target: {fileID: 23006779143481318, guid: 67ed1204d6521bb42a5e874e0c951976,
        type: 2}
      propertyPath: m_Materials.Array.data[0]
      value: 
      objectReference: {fileID: 2100000, guid: 2a0565f953335834ba4fd1f06f8d8776, type: 2}
    - target: {fileID: 23114410004119280, guid: 67ed1204d6521bb42a5e874e0c951976,
        type: 2}
      propertyPath: m_Materials.Array.data[0]
      value: 
      objectReference: {fileID: 2100000, guid: 2a0565f953335834ba4fd1f06f8d8776, type: 2}
    - target: {fileID: 23202715159148788, guid: 67ed1204d6521bb42a5e874e0c951976,
        type: 2}
      propertyPath: m_Materials.Array.data[0]
      value: 
      objectReference: {fileID: 2100000, guid: 2a0565f953335834ba4fd1f06f8d8776, type: 2}
    - target: {fileID: 23533055698703944, guid: 67ed1204d6521bb42a5e874e0c951976,
        type: 2}
      propertyPath: m_Materials.Array.data[0]
      value: 
      objectReference: {fileID: 2100000, guid: 2a0565f953335834ba4fd1f06f8d8776, type: 2}
    - target: {fileID: 23368573147550086, guid: 67ed1204d6521bb42a5e874e0c951976,
        type: 2}
      propertyPath: m_Materials.Array.data[0]
      value: 
      objectReference: {fileID: 2100000, guid: 2a0565f953335834ba4fd1f06f8d8776, type: 2}
    - target: {fileID: 23852016934867016, guid: 67ed1204d6521bb42a5e874e0c951976,
        type: 2}
      propertyPath: m_Materials.Array.data[0]
      value: 
      objectReference: {fileID: 2100000, guid: 2a0565f953335834ba4fd1f06f8d8776, type: 2}
    - target: {fileID: 23136775318679638, guid: 67ed1204d6521bb42a5e874e0c951976,
        type: 2}
      propertyPath: m_Materials.Array.data[0]
      value: 
      objectReference: {fileID: 2100000, guid: 2a0565f953335834ba4fd1f06f8d8776, type: 2}
    - target: {fileID: 23147563169793412, guid: 67ed1204d6521bb42a5e874e0c951976,
        type: 2}
      propertyPath: m_Materials.Array.data[0]
      value: 
      objectReference: {fileID: 2100000, guid: 2a0565f953335834ba4fd1f06f8d8776, type: 2}
    - target: {fileID: 23395353757274628, guid: 67ed1204d6521bb42a5e874e0c951976,
        type: 2}
      propertyPath: m_Materials.Array.data[0]
      value: 
      objectReference: {fileID: 2100000, guid: 2a0565f953335834ba4fd1f06f8d8776, type: 2}
    - target: {fileID: 23465154840957174, guid: 67ed1204d6521bb42a5e874e0c951976,
        type: 2}
      propertyPath: m_Materials.Array.data[0]
      value: 
      objectReference: {fileID: 2100000, guid: 2a0565f953335834ba4fd1f06f8d8776, type: 2}
    - target: {fileID: 23796271675975088, guid: 67ed1204d6521bb42a5e874e0c951976,
        type: 2}
      propertyPath: m_Materials.Array.data[0]
      value: 
      objectReference: {fileID: 2100000, guid: 2a0565f953335834ba4fd1f06f8d8776, type: 2}
    - target: {fileID: 23477849305973804, guid: 67ed1204d6521bb42a5e874e0c951976,
        type: 2}
      propertyPath: m_Materials.Array.data[0]
      value: 
      objectReference: {fileID: 2100000, guid: 2a0565f953335834ba4fd1f06f8d8776, type: 2}
    - target: {fileID: 23799454536920760, guid: 67ed1204d6521bb42a5e874e0c951976,
        type: 2}
      propertyPath: m_Materials.Array.data[0]
      value: 
      objectReference: {fileID: 2100000, guid: 2a0565f953335834ba4fd1f06f8d8776, type: 2}
    - target: {fileID: 23337728915680866, guid: 67ed1204d6521bb42a5e874e0c951976,
        type: 2}
      propertyPath: m_Materials.Array.data[0]
      value: 
      objectReference: {fileID: 2100000, guid: 2a0565f953335834ba4fd1f06f8d8776, type: 2}
    - target: {fileID: 23717526100925268, guid: 67ed1204d6521bb42a5e874e0c951976,
        type: 2}
      propertyPath: m_Materials.Array.data[0]
      value: 
      objectReference: {fileID: 2100000, guid: 2a0565f953335834ba4fd1f06f8d8776, type: 2}
    - target: {fileID: 23299300844469784, guid: 67ed1204d6521bb42a5e874e0c951976,
        type: 2}
      propertyPath: m_Materials.Array.data[0]
      value: 
      objectReference: {fileID: 2100000, guid: 2a0565f953335834ba4fd1f06f8d8776, type: 2}
    - target: {fileID: 23650968738858858, guid: 67ed1204d6521bb42a5e874e0c951976,
        type: 2}
      propertyPath: m_Materials.Array.data[0]
      value: 
      objectReference: {fileID: 2100000, guid: 2a0565f953335834ba4fd1f06f8d8776, type: 2}
    - target: {fileID: 23041241703037080, guid: 67ed1204d6521bb42a5e874e0c951976,
        type: 2}
      propertyPath: m_Materials.Array.data[0]
      value: 
      objectReference: {fileID: 2100000, guid: 2a0565f953335834ba4fd1f06f8d8776, type: 2}
    - target: {fileID: 23128255211401838, guid: 67ed1204d6521bb42a5e874e0c951976,
        type: 2}
      propertyPath: m_Materials.Array.data[0]
      value: 
      objectReference: {fileID: 2100000, guid: 2a0565f953335834ba4fd1f06f8d8776, type: 2}
    - target: {fileID: 23862257472916926, guid: 67ed1204d6521bb42a5e874e0c951976,
        type: 2}
      propertyPath: m_Materials.Array.data[0]
      value: 
      objectReference: {fileID: 2100000, guid: 2a0565f953335834ba4fd1f06f8d8776, type: 2}
    - target: {fileID: 23637758854636520, guid: 67ed1204d6521bb42a5e874e0c951976,
        type: 2}
      propertyPath: m_Materials.Array.data[0]
      value: 
      objectReference: {fileID: 2100000, guid: 2a0565f953335834ba4fd1f06f8d8776, type: 2}
    - target: {fileID: 23438856550171502, guid: 67ed1204d6521bb42a5e874e0c951976,
        type: 2}
      propertyPath: m_Materials.Array.data[0]
      value: 
      objectReference: {fileID: 2100000, guid: 2a0565f953335834ba4fd1f06f8d8776, type: 2}
    - target: {fileID: 23219115876342970, guid: 67ed1204d6521bb42a5e874e0c951976,
        type: 2}
      propertyPath: m_Materials.Array.data[0]
      value: 
      objectReference: {fileID: 2100000, guid: 2a0565f953335834ba4fd1f06f8d8776, type: 2}
    - target: {fileID: 23531691932560886, guid: 67ed1204d6521bb42a5e874e0c951976,
        type: 2}
      propertyPath: m_Materials.Array.data[0]
      value: 
      objectReference: {fileID: 2100000, guid: 2a0565f953335834ba4fd1f06f8d8776, type: 2}
    - target: {fileID: 23091215694973734, guid: 67ed1204d6521bb42a5e874e0c951976,
        type: 2}
      propertyPath: m_Materials.Array.data[0]
      value: 
      objectReference: {fileID: 2100000, guid: 2a0565f953335834ba4fd1f06f8d8776, type: 2}
    - target: {fileID: 23311391844880876, guid: 67ed1204d6521bb42a5e874e0c951976,
        type: 2}
      propertyPath: m_Materials.Array.data[0]
      value: 
      objectReference: {fileID: 2100000, guid: 2a0565f953335834ba4fd1f06f8d8776, type: 2}
    - target: {fileID: 23725096768530404, guid: 67ed1204d6521bb42a5e874e0c951976,
        type: 2}
      propertyPath: m_Materials.Array.data[0]
      value: 
      objectReference: {fileID: 2100000, guid: 2a0565f953335834ba4fd1f06f8d8776, type: 2}
    - target: {fileID: 23929766259897364, guid: 67ed1204d6521bb42a5e874e0c951976,
        type: 2}
      propertyPath: m_Materials.Array.data[0]
      value: 
      objectReference: {fileID: 2100000, guid: 2a0565f953335834ba4fd1f06f8d8776, type: 2}
    - target: {fileID: 23144165022622808, guid: 67ed1204d6521bb42a5e874e0c951976,
        type: 2}
      propertyPath: m_Materials.Array.data[0]
      value: 
      objectReference: {fileID: 2100000, guid: 2a0565f953335834ba4fd1f06f8d8776, type: 2}
    - target: {fileID: 23984240404404252, guid: 67ed1204d6521bb42a5e874e0c951976,
        type: 2}
      propertyPath: m_Materials.Array.data[0]
      value: 
      objectReference: {fileID: 2100000, guid: 2a0565f953335834ba4fd1f06f8d8776, type: 2}
    - target: {fileID: 23480271825507242, guid: 67ed1204d6521bb42a5e874e0c951976,
        type: 2}
      propertyPath: m_Materials.Array.data[0]
      value: 
      objectReference: {fileID: 2100000, guid: 2a0565f953335834ba4fd1f06f8d8776, type: 2}
    - target: {fileID: 23450264183488740, guid: 67ed1204d6521bb42a5e874e0c951976,
        type: 2}
      propertyPath: m_Materials.Array.data[0]
      value: 
      objectReference: {fileID: 2100000, guid: 2a0565f953335834ba4fd1f06f8d8776, type: 2}
    - target: {fileID: 23182691346608466, guid: 67ed1204d6521bb42a5e874e0c951976,
        type: 2}
      propertyPath: m_Materials.Array.data[0]
      value: 
      objectReference: {fileID: 2100000, guid: 2a0565f953335834ba4fd1f06f8d8776, type: 2}
    - target: {fileID: 23552053513147768, guid: 67ed1204d6521bb42a5e874e0c951976,
        type: 2}
      propertyPath: m_Materials.Array.data[0]
      value: 
      objectReference: {fileID: 2100000, guid: 2a0565f953335834ba4fd1f06f8d8776, type: 2}
    - target: {fileID: 23731592141022244, guid: 67ed1204d6521bb42a5e874e0c951976,
        type: 2}
      propertyPath: m_Materials.Array.data[0]
      value: 
      objectReference: {fileID: 2100000, guid: 2a0565f953335834ba4fd1f06f8d8776, type: 2}
    - target: {fileID: 23333306831695282, guid: 67ed1204d6521bb42a5e874e0c951976,
        type: 2}
      propertyPath: m_Materials.Array.data[0]
      value: 
      objectReference: {fileID: 2100000, guid: 2a0565f953335834ba4fd1f06f8d8776, type: 2}
    - target: {fileID: 23049602437261602, guid: 67ed1204d6521bb42a5e874e0c951976,
        type: 2}
      propertyPath: m_Materials.Array.data[0]
      value: 
      objectReference: {fileID: 2100000, guid: 2a0565f953335834ba4fd1f06f8d8776, type: 2}
    - target: {fileID: 23156597201736906, guid: 67ed1204d6521bb42a5e874e0c951976,
        type: 2}
      propertyPath: m_Materials.Array.data[0]
      value: 
      objectReference: {fileID: 2100000, guid: 2a0565f953335834ba4fd1f06f8d8776, type: 2}
    - target: {fileID: 23406201211059202, guid: 67ed1204d6521bb42a5e874e0c951976,
        type: 2}
      propertyPath: m_Materials.Array.data[0]
      value: 
      objectReference: {fileID: 2100000, guid: 2a0565f953335834ba4fd1f06f8d8776, type: 2}
    - target: {fileID: 23602226302748494, guid: 67ed1204d6521bb42a5e874e0c951976,
        type: 2}
      propertyPath: m_Materials.Array.data[0]
      value: 
      objectReference: {fileID: 2100000, guid: 2a0565f953335834ba4fd1f06f8d8776, type: 2}
    - target: {fileID: 23648485157437108, guid: 67ed1204d6521bb42a5e874e0c951976,
        type: 2}
      propertyPath: m_Materials.Array.data[0]
      value: 
      objectReference: {fileID: 2100000, guid: 2a0565f953335834ba4fd1f06f8d8776, type: 2}
    - target: {fileID: 23487102795561564, guid: 67ed1204d6521bb42a5e874e0c951976,
        type: 2}
      propertyPath: m_Materials.Array.data[0]
      value: 
      objectReference: {fileID: 2100000, guid: 2a0565f953335834ba4fd1f06f8d8776, type: 2}
    - target: {fileID: 23244642309765552, guid: 67ed1204d6521bb42a5e874e0c951976,
        type: 2}
      propertyPath: m_Materials.Array.data[0]
      value: 
      objectReference: {fileID: 2100000, guid: 2a0565f953335834ba4fd1f06f8d8776, type: 2}
    - target: {fileID: 23588646803964316, guid: 67ed1204d6521bb42a5e874e0c951976,
        type: 2}
      propertyPath: m_Materials.Array.data[0]
      value: 
      objectReference: {fileID: 2100000, guid: 2a0565f953335834ba4fd1f06f8d8776, type: 2}
    - target: {fileID: 23485947002493592, guid: 67ed1204d6521bb42a5e874e0c951976,
        type: 2}
      propertyPath: m_Materials.Array.data[0]
      value: 
      objectReference: {fileID: 2100000, guid: 2a0565f953335834ba4fd1f06f8d8776, type: 2}
    - target: {fileID: 23983053740513832, guid: 67ed1204d6521bb42a5e874e0c951976,
        type: 2}
      propertyPath: m_Materials.Array.data[0]
      value: 
      objectReference: {fileID: 2100000, guid: 2a0565f953335834ba4fd1f06f8d8776, type: 2}
    - target: {fileID: 23013018601491368, guid: 67ed1204d6521bb42a5e874e0c951976,
        type: 2}
      propertyPath: m_Materials.Array.data[0]
      value: 
      objectReference: {fileID: 2100000, guid: 2a0565f953335834ba4fd1f06f8d8776, type: 2}
    - target: {fileID: 23451578798540434, guid: 67ed1204d6521bb42a5e874e0c951976,
        type: 2}
      propertyPath: m_Materials.Array.data[0]
      value: 
      objectReference: {fileID: 2100000, guid: 2a0565f953335834ba4fd1f06f8d8776, type: 2}
    - target: {fileID: 23470655111883694, guid: 67ed1204d6521bb42a5e874e0c951976,
        type: 2}
      propertyPath: m_Materials.Array.data[0]
      value: 
      objectReference: {fileID: 2100000, guid: 2a0565f953335834ba4fd1f06f8d8776, type: 2}
    - target: {fileID: 23214366337659416, guid: 67ed1204d6521bb42a5e874e0c951976,
        type: 2}
      propertyPath: m_Materials.Array.data[0]
      value: 
      objectReference: {fileID: 2100000, guid: 2a0565f953335834ba4fd1f06f8d8776, type: 2}
    - target: {fileID: 23886521435619366, guid: 67ed1204d6521bb42a5e874e0c951976,
        type: 2}
      propertyPath: m_Materials.Array.data[0]
      value: 
      objectReference: {fileID: 2100000, guid: 2a0565f953335834ba4fd1f06f8d8776, type: 2}
    - target: {fileID: 23148546000221968, guid: 67ed1204d6521bb42a5e874e0c951976,
        type: 2}
      propertyPath: m_Materials.Array.data[0]
      value: 
      objectReference: {fileID: 2100000, guid: 2a0565f953335834ba4fd1f06f8d8776, type: 2}
    - target: {fileID: 23878841287063162, guid: 67ed1204d6521bb42a5e874e0c951976,
        type: 2}
      propertyPath: m_Materials.Array.data[0]
      value: 
      objectReference: {fileID: 2100000, guid: 2a0565f953335834ba4fd1f06f8d8776, type: 2}
    - target: {fileID: 23300044412701476, guid: 67ed1204d6521bb42a5e874e0c951976,
        type: 2}
      propertyPath: m_Materials.Array.data[0]
      value: 
      objectReference: {fileID: 2100000, guid: 2a0565f953335834ba4fd1f06f8d8776, type: 2}
    - target: {fileID: 23648220185667520, guid: 67ed1204d6521bb42a5e874e0c951976,
        type: 2}
      propertyPath: m_Materials.Array.data[0]
      value: 
      objectReference: {fileID: 2100000, guid: 2a0565f953335834ba4fd1f06f8d8776, type: 2}
    - target: {fileID: 23773653361084728, guid: 67ed1204d6521bb42a5e874e0c951976,
        type: 2}
      propertyPath: m_Materials.Array.data[0]
      value: 
      objectReference: {fileID: 2100000, guid: 2a0565f953335834ba4fd1f06f8d8776, type: 2}
    - target: {fileID: 23788587103493616, guid: 67ed1204d6521bb42a5e874e0c951976,
        type: 2}
      propertyPath: m_Materials.Array.data[0]
      value: 
      objectReference: {fileID: 2100000, guid: 2a0565f953335834ba4fd1f06f8d8776, type: 2}
    - target: {fileID: 23941510856805198, guid: 67ed1204d6521bb42a5e874e0c951976,
        type: 2}
      propertyPath: m_Materials.Array.data[0]
      value: 
      objectReference: {fileID: 2100000, guid: 2a0565f953335834ba4fd1f06f8d8776, type: 2}
    - target: {fileID: 23659669910920502, guid: 67ed1204d6521bb42a5e874e0c951976,
        type: 2}
      propertyPath: m_Materials.Array.data[0]
      value: 
      objectReference: {fileID: 2100000, guid: 2a0565f953335834ba4fd1f06f8d8776, type: 2}
    - target: {fileID: 23923871209671346, guid: 67ed1204d6521bb42a5e874e0c951976,
        type: 2}
      propertyPath: m_Materials.Array.data[0]
      value: 
      objectReference: {fileID: 2100000, guid: 2a0565f953335834ba4fd1f06f8d8776, type: 2}
    - target: {fileID: 23082016259633338, guid: 67ed1204d6521bb42a5e874e0c951976,
        type: 2}
      propertyPath: m_Materials.Array.data[0]
      value: 
      objectReference: {fileID: 2100000, guid: 2a0565f953335834ba4fd1f06f8d8776, type: 2}
    - target: {fileID: 23847749408876566, guid: 67ed1204d6521bb42a5e874e0c951976,
        type: 2}
      propertyPath: m_Materials.Array.data[0]
      value: 
      objectReference: {fileID: 2100000, guid: 2a0565f953335834ba4fd1f06f8d8776, type: 2}
    - target: {fileID: 23456301217811692, guid: 67ed1204d6521bb42a5e874e0c951976,
        type: 2}
      propertyPath: m_Materials.Array.data[0]
      value: 
      objectReference: {fileID: 2100000, guid: 2a0565f953335834ba4fd1f06f8d8776, type: 2}
    - target: {fileID: 23843273300437878, guid: 67ed1204d6521bb42a5e874e0c951976,
        type: 2}
      propertyPath: m_Materials.Array.data[0]
      value: 
      objectReference: {fileID: 2100000, guid: 2a0565f953335834ba4fd1f06f8d8776, type: 2}
    - target: {fileID: 23921050658286382, guid: 67ed1204d6521bb42a5e874e0c951976,
        type: 2}
      propertyPath: m_Materials.Array.data[0]
      value: 
      objectReference: {fileID: 2100000, guid: 2a0565f953335834ba4fd1f06f8d8776, type: 2}
    - target: {fileID: 23605449768692522, guid: 67ed1204d6521bb42a5e874e0c951976,
        type: 2}
      propertyPath: m_Materials.Array.data[0]
      value: 
      objectReference: {fileID: 2100000, guid: 2a0565f953335834ba4fd1f06f8d8776, type: 2}
    - target: {fileID: 23266536893171850, guid: 67ed1204d6521bb42a5e874e0c951976,
        type: 2}
      propertyPath: m_Materials.Array.data[0]
      value: 
      objectReference: {fileID: 2100000, guid: 2a0565f953335834ba4fd1f06f8d8776, type: 2}
    - target: {fileID: 23537164341753902, guid: 67ed1204d6521bb42a5e874e0c951976,
        type: 2}
      propertyPath: m_Materials.Array.data[0]
      value: 
      objectReference: {fileID: 2100000, guid: 2a0565f953335834ba4fd1f06f8d8776, type: 2}
    - target: {fileID: 23336551234326394, guid: 67ed1204d6521bb42a5e874e0c951976,
        type: 2}
      propertyPath: m_Materials.Array.data[0]
      value: 
      objectReference: {fileID: 2100000, guid: 2a0565f953335834ba4fd1f06f8d8776, type: 2}
    - target: {fileID: 23968967107585048, guid: 67ed1204d6521bb42a5e874e0c951976,
        type: 2}
      propertyPath: m_Materials.Array.data[0]
      value: 
      objectReference: {fileID: 2100000, guid: 2a0565f953335834ba4fd1f06f8d8776, type: 2}
    - target: {fileID: 23436626400673766, guid: 67ed1204d6521bb42a5e874e0c951976,
        type: 2}
      propertyPath: m_Materials.Array.data[0]
      value: 
      objectReference: {fileID: 2100000, guid: 2a0565f953335834ba4fd1f06f8d8776, type: 2}
    - target: {fileID: 23564406929950358, guid: 67ed1204d6521bb42a5e874e0c951976,
        type: 2}
      propertyPath: m_Materials.Array.data[0]
      value: 
      objectReference: {fileID: 2100000, guid: 2a0565f953335834ba4fd1f06f8d8776, type: 2}
    - target: {fileID: 23450491328531542, guid: 67ed1204d6521bb42a5e874e0c951976,
        type: 2}
      propertyPath: m_Materials.Array.data[0]
      value: 
      objectReference: {fileID: 2100000, guid: 2a0565f953335834ba4fd1f06f8d8776, type: 2}
    - target: {fileID: 23166860145162658, guid: 67ed1204d6521bb42a5e874e0c951976,
        type: 2}
      propertyPath: m_Materials.Array.data[0]
      value: 
      objectReference: {fileID: 2100000, guid: 2a0565f953335834ba4fd1f06f8d8776, type: 2}
    - target: {fileID: 23492133694899650, guid: 67ed1204d6521bb42a5e874e0c951976,
        type: 2}
      propertyPath: m_Materials.Array.data[0]
      value: 
      objectReference: {fileID: 2100000, guid: 2a0565f953335834ba4fd1f06f8d8776, type: 2}
    - target: {fileID: 23151284950749734, guid: 67ed1204d6521bb42a5e874e0c951976,
        type: 2}
      propertyPath: m_Materials.Array.data[0]
      value: 
      objectReference: {fileID: 2100000, guid: 2a0565f953335834ba4fd1f06f8d8776, type: 2}
    - target: {fileID: 23572470023027906, guid: 67ed1204d6521bb42a5e874e0c951976,
        type: 2}
      propertyPath: m_Materials.Array.data[0]
      value: 
      objectReference: {fileID: 2100000, guid: 2a0565f953335834ba4fd1f06f8d8776, type: 2}
    - target: {fileID: 23936435362936114, guid: 67ed1204d6521bb42a5e874e0c951976,
        type: 2}
      propertyPath: m_Materials.Array.data[0]
      value: 
      objectReference: {fileID: 2100000, guid: 2a0565f953335834ba4fd1f06f8d8776, type: 2}
    - target: {fileID: 23009813453311158, guid: 67ed1204d6521bb42a5e874e0c951976,
        type: 2}
      propertyPath: m_Materials.Array.data[0]
      value: 
      objectReference: {fileID: 2100000, guid: 2a0565f953335834ba4fd1f06f8d8776, type: 2}
    - target: {fileID: 23075917501042836, guid: 67ed1204d6521bb42a5e874e0c951976,
        type: 2}
      propertyPath: m_Materials.Array.data[0]
      value: 
      objectReference: {fileID: 2100000, guid: 2a0565f953335834ba4fd1f06f8d8776, type: 2}
    - target: {fileID: 23521823423751986, guid: 67ed1204d6521bb42a5e874e0c951976,
        type: 2}
      propertyPath: m_Materials.Array.data[0]
      value: 
      objectReference: {fileID: 2100000, guid: 2a0565f953335834ba4fd1f06f8d8776, type: 2}
    - target: {fileID: 23016476587867446, guid: 67ed1204d6521bb42a5e874e0c951976,
        type: 2}
      propertyPath: m_Materials.Array.data[0]
      value: 
      objectReference: {fileID: 2100000, guid: 2a0565f953335834ba4fd1f06f8d8776, type: 2}
    - target: {fileID: 23866815601760344, guid: 67ed1204d6521bb42a5e874e0c951976,
        type: 2}
      propertyPath: m_Materials.Array.data[0]
      value: 
      objectReference: {fileID: 2100000, guid: 2a0565f953335834ba4fd1f06f8d8776, type: 2}
    - target: {fileID: 23788517614966416, guid: 67ed1204d6521bb42a5e874e0c951976,
        type: 2}
      propertyPath: m_Materials.Array.data[0]
      value: 
      objectReference: {fileID: 2100000, guid: 2a0565f953335834ba4fd1f06f8d8776, type: 2}
    - target: {fileID: 23397984719638330, guid: 67ed1204d6521bb42a5e874e0c951976,
        type: 2}
      propertyPath: m_Materials.Array.data[0]
      value: 
      objectReference: {fileID: 2100000, guid: 2a0565f953335834ba4fd1f06f8d8776, type: 2}
    - target: {fileID: 23711408193404230, guid: 67ed1204d6521bb42a5e874e0c951976,
        type: 2}
      propertyPath: m_Materials.Array.data[0]
      value: 
      objectReference: {fileID: 2100000, guid: 2a0565f953335834ba4fd1f06f8d8776, type: 2}
    - target: {fileID: 23471734508000460, guid: 67ed1204d6521bb42a5e874e0c951976,
        type: 2}
      propertyPath: m_Materials.Array.data[0]
      value: 
      objectReference: {fileID: 2100000, guid: 2a0565f953335834ba4fd1f06f8d8776, type: 2}
    - target: {fileID: 23195539620203396, guid: 67ed1204d6521bb42a5e874e0c951976,
        type: 2}
      propertyPath: m_Materials.Array.data[0]
      value: 
      objectReference: {fileID: 2100000, guid: 2a0565f953335834ba4fd1f06f8d8776, type: 2}
    - target: {fileID: 23283406944594518, guid: 67ed1204d6521bb42a5e874e0c951976,
        type: 2}
      propertyPath: m_Materials.Array.data[0]
      value: 
      objectReference: {fileID: 2100000, guid: 2a0565f953335834ba4fd1f06f8d8776, type: 2}
    - target: {fileID: 23540101446498942, guid: 67ed1204d6521bb42a5e874e0c951976,
        type: 2}
      propertyPath: m_Materials.Array.data[0]
      value: 
      objectReference: {fileID: 2100000, guid: 2a0565f953335834ba4fd1f06f8d8776, type: 2}
    - target: {fileID: 23165634810288934, guid: 67ed1204d6521bb42a5e874e0c951976,
        type: 2}
      propertyPath: m_Materials.Array.data[0]
      value: 
      objectReference: {fileID: 2100000, guid: 2a0565f953335834ba4fd1f06f8d8776, type: 2}
    - target: {fileID: 23829492442351784, guid: 67ed1204d6521bb42a5e874e0c951976,
        type: 2}
      propertyPath: m_Materials.Array.data[0]
      value: 
      objectReference: {fileID: 2100000, guid: 2a0565f953335834ba4fd1f06f8d8776, type: 2}
    - target: {fileID: 23553300988489096, guid: 67ed1204d6521bb42a5e874e0c951976,
        type: 2}
      propertyPath: m_Materials.Array.data[0]
      value: 
      objectReference: {fileID: 2100000, guid: 2a0565f953335834ba4fd1f06f8d8776, type: 2}
    - target: {fileID: 23991977001649342, guid: 67ed1204d6521bb42a5e874e0c951976,
        type: 2}
      propertyPath: m_Materials.Array.data[0]
      value: 
      objectReference: {fileID: 2100000, guid: 2a0565f953335834ba4fd1f06f8d8776, type: 2}
    - target: {fileID: 23969088740869242, guid: 67ed1204d6521bb42a5e874e0c951976,
        type: 2}
      propertyPath: m_Materials.Array.data[0]
      value: 
      objectReference: {fileID: 2100000, guid: 2a0565f953335834ba4fd1f06f8d8776, type: 2}
    - target: {fileID: 23245388439695012, guid: 67ed1204d6521bb42a5e874e0c951976,
        type: 2}
      propertyPath: m_Materials.Array.data[0]
      value: 
      objectReference: {fileID: 2100000, guid: 2a0565f953335834ba4fd1f06f8d8776, type: 2}
    - target: {fileID: 23212143249881664, guid: 67ed1204d6521bb42a5e874e0c951976,
        type: 2}
      propertyPath: m_Materials.Array.data[0]
      value: 
      objectReference: {fileID: 2100000, guid: 2a0565f953335834ba4fd1f06f8d8776, type: 2}
    - target: {fileID: 23257056407412666, guid: 67ed1204d6521bb42a5e874e0c951976,
        type: 2}
      propertyPath: m_Materials.Array.data[0]
      value: 
      objectReference: {fileID: 2100000, guid: 2a0565f953335834ba4fd1f06f8d8776, type: 2}
    - target: {fileID: 23862497056526040, guid: 67ed1204d6521bb42a5e874e0c951976,
        type: 2}
      propertyPath: m_Materials.Array.data[0]
      value: 
      objectReference: {fileID: 2100000, guid: 2a0565f953335834ba4fd1f06f8d8776, type: 2}
    - target: {fileID: 23500158828976200, guid: 67ed1204d6521bb42a5e874e0c951976,
        type: 2}
      propertyPath: m_Materials.Array.data[0]
      value: 
      objectReference: {fileID: 2100000, guid: 2a0565f953335834ba4fd1f06f8d8776, type: 2}
    - target: {fileID: 23771138799034290, guid: 67ed1204d6521bb42a5e874e0c951976,
        type: 2}
      propertyPath: m_Materials.Array.data[0]
      value: 
      objectReference: {fileID: 2100000, guid: 2a0565f953335834ba4fd1f06f8d8776, type: 2}
    - target: {fileID: 23674285567306620, guid: 67ed1204d6521bb42a5e874e0c951976,
        type: 2}
      propertyPath: m_Materials.Array.data[0]
      value: 
      objectReference: {fileID: 2100000, guid: 2a0565f953335834ba4fd1f06f8d8776, type: 2}
    - target: {fileID: 23822216690603744, guid: 67ed1204d6521bb42a5e874e0c951976,
        type: 2}
      propertyPath: m_Materials.Array.data[0]
      value: 
      objectReference: {fileID: 2100000, guid: 2a0565f953335834ba4fd1f06f8d8776, type: 2}
    - target: {fileID: 23536549163328798, guid: 67ed1204d6521bb42a5e874e0c951976,
        type: 2}
      propertyPath: m_Materials.Array.data[0]
      value: 
      objectReference: {fileID: 2100000, guid: 2a0565f953335834ba4fd1f06f8d8776, type: 2}
    - target: {fileID: 23221058266104832, guid: 67ed1204d6521bb42a5e874e0c951976,
        type: 2}
      propertyPath: m_Materials.Array.data[0]
      value: 
      objectReference: {fileID: 2100000, guid: 2a0565f953335834ba4fd1f06f8d8776, type: 2}
    - target: {fileID: 23573408540900006, guid: 67ed1204d6521bb42a5e874e0c951976,
        type: 2}
      propertyPath: m_Materials.Array.data[0]
      value: 
      objectReference: {fileID: 2100000, guid: 2a0565f953335834ba4fd1f06f8d8776, type: 2}
    m_RemovedComponents: []
  m_ParentPrefab: {fileID: 100100000, guid: 67ed1204d6521bb42a5e874e0c951976, type: 2}
  m_IsPrefabParent: 0
--- !u!1 &1097836706 stripped
GameObject:
  m_PrefabParentObject: {fileID: 1547457299446662, guid: 67ed1204d6521bb42a5e874e0c951976,
    type: 2}
  m_PrefabInternal: {fileID: 974760460}
--- !u!64 &1097836707
MeshCollider:
  m_ObjectHideFlags: 0
  m_PrefabParentObject: {fileID: 0}
  m_PrefabInternal: {fileID: 0}
  m_GameObject: {fileID: 1097836706}
  m_Material: {fileID: 0}
  m_IsTrigger: 0
  m_Enabled: 1
  serializedVersion: 3
  m_Convex: 0
  m_CookingOptions: 14
  m_SkinWidth: 0.01
  m_Mesh: {fileID: 4300056, guid: 6e9f92d90a3d7f341a033e6c2f622cfc, type: 3}
--- !u!4 &1170192715 stripped
Transform:
  m_PrefabParentObject: {fileID: 4335354040515900, guid: 67ed1204d6521bb42a5e874e0c951976,
    type: 2}
  m_PrefabInternal: {fileID: 974760460}
--- !u!4 &1323951883 stripped
Transform:
  m_PrefabParentObject: {fileID: 4574266667487922, guid: 67ed1204d6521bb42a5e874e0c951976,
    type: 2}
  m_PrefabInternal: {fileID: 974760460}
--- !u!1 &1399255546
GameObject:
  m_ObjectHideFlags: 0
  m_PrefabParentObject: {fileID: 0}
  m_PrefabInternal: {fileID: 0}
  serializedVersion: 5
  m_Component:
  - component: {fileID: 1399255550}
  - component: {fileID: 1399255549}
  - component: {fileID: 1399255548}
  - component: {fileID: 1399255547}
  - component: {fileID: 1399255551}
  - component: {fileID: 1399255552}
  m_Layer: 0
  m_Name: Camera
  m_TagString: MainCamera
  m_Icon: {fileID: 0}
  m_NavMeshLayer: 0
  m_StaticEditorFlags: 0
  m_IsActive: 1
--- !u!81 &1399255547
AudioListener:
  m_ObjectHideFlags: 0
  m_PrefabParentObject: {fileID: 0}
  m_PrefabInternal: {fileID: 0}
  m_GameObject: {fileID: 1399255546}
  m_Enabled: 1
--- !u!124 &1399255548
Behaviour:
  m_ObjectHideFlags: 0
  m_PrefabParentObject: {fileID: 0}
  m_PrefabInternal: {fileID: 0}
  m_GameObject: {fileID: 1399255546}
  m_Enabled: 1
--- !u!20 &1399255549
Camera:
  m_ObjectHideFlags: 0
  m_PrefabParentObject: {fileID: 0}
  m_PrefabInternal: {fileID: 0}
  m_GameObject: {fileID: 1399255546}
  m_Enabled: 1
  serializedVersion: 2
  m_ClearFlags: 1
  m_BackGroundColor: {r: 0, g: 0, b: 0, a: 0}
  m_NormalizedViewPortRect:
    serializedVersion: 2
    x: 0
    y: 0
    width: 1
    height: 1
  near clip plane: 0.3
  far clip plane: 1000
  field of view: 60
  orthographic: 0
  orthographic size: 5
  m_Depth: -1
  m_CullingMask:
    serializedVersion: 2
    m_Bits: 4294967295
  m_RenderingPath: -1
  m_TargetTexture: {fileID: 0}
  m_TargetDisplay: 0
  m_TargetEye: 3
  m_HDR: 1
  m_AllowMSAA: 1
  m_AllowDynamicResolution: 0
  m_ForceIntoRT: 0
  m_OcclusionCulling: 1
  m_StereoConvergence: 10
  m_StereoSeparation: 0.022
--- !u!4 &1399255550
Transform:
  m_ObjectHideFlags: 0
  m_PrefabParentObject: {fileID: 0}
  m_PrefabInternal: {fileID: 0}
  m_GameObject: {fileID: 1399255546}
  m_LocalRotation: {x: 0.7071068, y: 0, z: 0, w: 0.7071068}
  m_LocalPosition: {x: 0, y: 10, z: 0}
  m_LocalScale: {x: 1, y: 1, z: 1}
  m_Children: []
  m_Father: {fileID: 1964379201}
  m_RootOrder: 0
  m_LocalEulerAnglesHint: {x: 90, y: 0, z: 0}
--- !u!114 &1399255551
MonoBehaviour:
  m_ObjectHideFlags: 0
  m_PrefabParentObject: {fileID: 0}
  m_PrefabInternal: {fileID: 0}
  m_GameObject: {fileID: 1399255546}
  m_Enabled: 1
  m_EditorHideFlags: 0
  m_Script: {fileID: 11500000, guid: e23c6dd63ee3df746907c41141f3bfaa, type: 3}
  m_Name: 
  m_EditorClassIdentifier: 
  lineMaterial: {fileID: 2100000, guid: 982b0c6dd4bcd894b9576f123b17edd3, type: 2}
  lColor: {r: 0, g: 0.5448277, b: 1, a: 1}
  colors:
  - {r: 0, g: 0.54509807, b: 1, a: 0.74}
--- !u!114 &1399255552
MonoBehaviour:
  m_ObjectHideFlags: 0
  m_PrefabParentObject: {fileID: 0}
  m_PrefabInternal: {fileID: 0}
  m_GameObject: {fileID: 1399255546}
  m_Enabled: 1
  m_EditorHideFlags: 0
  m_Script: {fileID: 11500000, guid: 7e5768c36d1bb4acea50bd233372843a, type: 3}
  m_Name: 
  m_EditorClassIdentifier: 
  Name: Camera
  basicEditor: 1
  advancedProps: 0
  hitProps: 0
  hit3DObjects: 1
  hit2DObjects: 0
  hitWorldSpaceUI: 0
  hitScreenSpaceUI: 0
  layerMask:
    serializedVersion: 2
    m_Bits: 4294967295
  useHitFilters: 0
--- !u!1001 &1554719845
Prefab:
  m_ObjectHideFlags: 0
  serializedVersion: 2
  m_Modification:
    m_TransformParent: {fileID: 0}
    m_Modifications:
    - target: {fileID: 11400000, guid: 1c4dd8a13f501b04f84fe824120f70bb, type: 2}
      propertyPath: layers.Array.size
      value: 2
      objectReference: {fileID: 0}
    - target: {fileID: 400002, guid: 1c4dd8a13f501b04f84fe824120f70bb, type: 2}
      propertyPath: m_LocalPosition.x
      value: 0
      objectReference: {fileID: 0}
    - target: {fileID: 400002, guid: 1c4dd8a13f501b04f84fe824120f70bb, type: 2}
      propertyPath: m_LocalPosition.y
      value: 0
      objectReference: {fileID: 0}
    - target: {fileID: 400002, guid: 1c4dd8a13f501b04f84fe824120f70bb, type: 2}
      propertyPath: m_LocalPosition.z
      value: 0
      objectReference: {fileID: 0}
    - target: {fileID: 400002, guid: 1c4dd8a13f501b04f84fe824120f70bb, type: 2}
      propertyPath: m_LocalRotation.x
      value: 0
      objectReference: {fileID: 0}
    - target: {fileID: 400002, guid: 1c4dd8a13f501b04f84fe824120f70bb, type: 2}
      propertyPath: m_LocalRotation.y
      value: 0
      objectReference: {fileID: 0}
    - target: {fileID: 400002, guid: 1c4dd8a13f501b04f84fe824120f70bb, type: 2}
      propertyPath: m_LocalRotation.z
      value: 0
      objectReference: {fileID: 0}
    - target: {fileID: 400002, guid: 1c4dd8a13f501b04f84fe824120f70bb, type: 2}
      propertyPath: m_LocalRotation.w
      value: 1
      objectReference: {fileID: 0}
    - target: {fileID: 400002, guid: 1c4dd8a13f501b04f84fe824120f70bb, type: 2}
      propertyPath: m_RootOrder
      value: 0
      objectReference: {fileID: 0}
    - target: {fileID: 11400000, guid: 1c4dd8a13f501b04f84fe824120f70bb, type: 2}
      propertyPath: layers.Array.data[0]
      value: 
      objectReference: {fileID: 1399255552}
    - target: {fileID: 11400000, guid: 1c4dd8a13f501b04f84fe824120f70bb, type: 2}
      propertyPath: basicEditor
      value: 0
      objectReference: {fileID: 0}
    - target: {fileID: 11400000, guid: 1c4dd8a13f501b04f84fe824120f70bb, type: 2}
      propertyPath: layers.Array.data[1]
      value: 
      objectReference: {fileID: 678656311}
    m_RemovedComponents: []
  m_ParentPrefab: {fileID: 100100000, guid: 1c4dd8a13f501b04f84fe824120f70bb, type: 2}
  m_IsPrefabParent: 0
--- !u!1 &1681855624
GameObject:
  m_ObjectHideFlags: 0
  m_PrefabParentObject: {fileID: 0}
  m_PrefabInternal: {fileID: 0}
  serializedVersion: 5
  m_Component:
  - component: {fileID: 1681855626}
  - component: {fileID: 1681855625}
  m_Layer: 0
  m_Name: Directional Light
  m_TagString: Untagged
  m_Icon: {fileID: 0}
  m_NavMeshLayer: 0
  m_StaticEditorFlags: 0
  m_IsActive: 1
--- !u!108 &1681855625
Light:
  m_ObjectHideFlags: 0
  m_PrefabParentObject: {fileID: 0}
  m_PrefabInternal: {fileID: 0}
  m_GameObject: {fileID: 1681855624}
  m_Enabled: 1
  serializedVersion: 8
  m_Type: 1
  m_Color: {r: 1, g: 0.95686275, b: 0.8392157, a: 1}
  m_Intensity: 1
  m_Range: 10
  m_SpotAngle: 30
  m_CookieSize: 10
  m_Shadows:
    m_Type: 2
    m_Resolution: -1
    m_CustomResolution: -1
    m_Strength: 1
    m_Bias: 0.05
    m_NormalBias: 0.4
    m_NearPlane: 0.2
  m_Cookie: {fileID: 0}
  m_DrawHalo: 0
  m_Flare: {fileID: 0}
  m_RenderMode: 0
  m_CullingMask:
    serializedVersion: 2
    m_Bits: 4294967295
  m_Lightmapping: 4
  m_AreaSize: {x: 1, y: 1}
  m_BounceIntensity: 1
  m_ColorTemperature: 6570
  m_UseColorTemperature: 0
  m_ShadowRadius: 0
  m_ShadowAngle: 0
--- !u!4 &1681855626
Transform:
  m_ObjectHideFlags: 0
  m_PrefabParentObject: {fileID: 0}
  m_PrefabInternal: {fileID: 0}
  m_GameObject: {fileID: 1681855624}
  m_LocalRotation: {x: 0.40821788, y: -0.23456968, z: 0.10938163, w: 0.8754261}
  m_LocalPosition: {x: 0, y: 3, z: 0}
  m_LocalScale: {x: 1, y: 1, z: 1}
  m_Children: []
  m_Father: {fileID: 678656309}
  m_RootOrder: 0
  m_LocalEulerAnglesHint: {x: 50, y: -30, z: 0}
--- !u!1 &1927406189
GameObject:
  m_ObjectHideFlags: 0
  m_PrefabParentObject: {fileID: 0}
  m_PrefabInternal: {fileID: 0}
  serializedVersion: 5
  m_Component:
  - component: {fileID: 1927406191}
  - component: {fileID: 1927406190}
  - component: {fileID: 1927406192}
  m_Layer: 0
  m_Name: MapManager
  m_TagString: Untagged
  m_Icon: {fileID: 0}
  m_NavMeshLayer: 0
  m_StaticEditorFlags: 0
  m_IsActive: 1
--- !u!114 &1927406190
MonoBehaviour:
  m_ObjectHideFlags: 0
  m_PrefabParentObject: {fileID: 0}
  m_PrefabInternal: {fileID: 0}
  m_GameObject: {fileID: 1927406189}
  m_Enabled: 1
  m_EditorHideFlags: 0
  m_Script: {fileID: 11500000, guid: c4eaa7bd432431e45834b9f42d60d541, type: 3}
  m_Name: 
  m_EditorClassIdentifier: 
  locationService: {fileID: 1962891084}
  map: {fileID: 1323951883}
  nodePrefab: {fileID: 4206912593440130, guid: c85bc8a18c81f5249a2ff864e601b4f7, type: 2}
  pathMaterial: {fileID: 2100000, guid: f5df3064a4d50ce459e398170e689890, type: 2}
--- !u!4 &1927406191
Transform:
  m_ObjectHideFlags: 0
  m_PrefabParentObject: {fileID: 0}
  m_PrefabInternal: {fileID: 0}
  m_GameObject: {fileID: 1927406189}
  m_LocalRotation: {x: 0, y: 0, z: 0, w: 1}
  m_LocalPosition: {x: 0.06329413, y: -0.5957012, z: -5.8668594}
  m_LocalScale: {x: 1, y: 1, z: 1}
  m_Children: []
  m_Father: {fileID: 0}
  m_RootOrder: 2
  m_LocalEulerAnglesHint: {x: 0, y: 0, z: 0}
--- !u!114 &1927406192
MonoBehaviour:
  m_ObjectHideFlags: 0
  m_PrefabParentObject: {fileID: 0}
  m_PrefabInternal: {fileID: 0}
  m_GameObject: {fileID: 1927406189}
  m_Enabled: 1
  m_EditorHideFlags: 0
  m_Script: {fileID: 11500000, guid: e570d1a8ffc9da943a1b9aa56c48c5d5, type: 3}
  m_Name: 
  m_EditorClassIdentifier: 
  locationService: {fileID: 1962891084}
  map: {fileID: 1323951883}
  showPoiCoordinates: 1
  poiPrefab: {fileID: 4206912593440130, guid: c85bc8a18c81f5249a2ff864e601b4f7, type: 2}
  poiMaterial: {fileID: 2100000, guid: b2ea3bce25fd8e5488cf3bc365c51b1a, type: 2}
  selectedMaterial: {fileID: 2100000, guid: f3cc5e08e0a540840a870a13ac652deb, type: 2}
  doubleTapThreshold: 0.3
  cam: {fileID: 1399255549}
  focusedPoiCamYOffset: 6
  focusedPoiCamZenithAngle: 45
  focusedPoiCamZOffset: -3
  selectedPoi: {fileID: 0}
--- !u!1 &1950913520
GameObject:
  m_ObjectHideFlags: 0
  m_PrefabParentObject: {fileID: 0}
  m_PrefabInternal: {fileID: 0}
  serializedVersion: 5
  m_Component:
  - component: {fileID: 1950913524}
  - component: {fileID: 1950913523}
  - component: {fileID: 1950913521}
  m_Layer: 0
  m_Name: Center
  m_TagString: Untagged
  m_Icon: {fileID: 0}
  m_NavMeshLayer: 0
  m_StaticEditorFlags: 0
  m_IsActive: 0
--- !u!23 &1950913521
MeshRenderer:
  m_ObjectHideFlags: 0
  m_PrefabParentObject: {fileID: 0}
  m_PrefabInternal: {fileID: 0}
  m_GameObject: {fileID: 1950913520}
  m_Enabled: 1
  m_CastShadows: 1
  m_ReceiveShadows: 1
  m_DynamicOccludee: 1
  m_MotionVectors: 1
  m_LightProbeUsage: 1
  m_ReflectionProbeUsage: 1
  m_Materials:
  - {fileID: 10303, guid: 0000000000000000f000000000000000, type: 0}
  m_StaticBatchInfo:
    firstSubMesh: 0
    subMeshCount: 0
  m_StaticBatchRoot: {fileID: 0}
  m_ProbeAnchor: {fileID: 0}
  m_LightProbeVolumeOverride: {fileID: 0}
  m_ScaleInLightmap: 1
  m_PreserveUVs: 1
  m_IgnoreNormalsForChartDetection: 0
  m_ImportantGI: 0
  m_StitchLightmapSeams: 0
  m_SelectedEditorRenderState: 3
  m_MinimumChartSize: 4
  m_AutoUVMaxDistance: 0.5
  m_AutoUVMaxAngle: 89
  m_LightmapParameters: {fileID: 0}
  m_SortingLayerID: 0
  m_SortingLayer: 0
  m_SortingOrder: 0
--- !u!33 &1950913523
MeshFilter:
  m_ObjectHideFlags: 0
  m_PrefabParentObject: {fileID: 0}
  m_PrefabInternal: {fileID: 0}
  m_GameObject: {fileID: 1950913520}
  m_Mesh: {fileID: 10207, guid: 0000000000000000e000000000000000, type: 0}
--- !u!4 &1950913524
Transform:
  m_ObjectHideFlags: 0
  m_PrefabParentObject: {fileID: 0}
  m_PrefabInternal: {fileID: 0}
  m_GameObject: {fileID: 1950913520}
  m_LocalRotation: {x: -0, y: 1, z: -0, w: 0}
  m_LocalPosition: {x: 0, y: 0, z: 0}
  m_LocalScale: {x: 0.5, y: 0.5, z: 0.5}
  m_Children: []
  m_Father: {fileID: 678656309}
  m_RootOrder: 3
  m_LocalEulerAnglesHint: {x: 0, y: 180, z: 0}
--- !u!1 &1962891082
GameObject:
  m_ObjectHideFlags: 0
  m_PrefabParentObject: {fileID: 0}
  m_PrefabInternal: {fileID: 0}
  serializedVersion: 5
  m_Component:
  - component: {fileID: 1962891083}
  - component: {fileID: 1962891084}
  m_Layer: 0
  m_Name: LocationService
  m_TagString: Untagged
  m_Icon: {fileID: 0}
  m_NavMeshLayer: 0
  m_StaticEditorFlags: 0
  m_IsActive: 1
--- !u!4 &1962891083
Transform:
  m_ObjectHideFlags: 0
  m_PrefabParentObject: {fileID: 0}
  m_PrefabInternal: {fileID: 0}
  m_GameObject: {fileID: 1962891082}
  m_LocalRotation: {x: 0, y: 0, z: 0, w: 1}
  m_LocalPosition: {x: 0, y: 0, z: 0}
  m_LocalScale: {x: 1, y: 1, z: 1}
  m_Children: []
  m_Father: {fileID: 0}
  m_RootOrder: 1
  m_LocalEulerAnglesHint: {x: 0, y: 0, z: 0}
--- !u!114 &1962891084
MonoBehaviour:
  m_ObjectHideFlags: 0
  m_PrefabParentObject: {fileID: 0}
  m_PrefabInternal: {fileID: 0}
  m_GameObject: {fileID: 1962891082}
  m_Enabled: 1
  m_EditorHideFlags: 0
  m_Script: {fileID: 11500000, guid: aa50c943156b5854e91d68311ae94b5a, type: 3}
  m_Name: 
  m_EditorClassIdentifier: 
  textMesh: {fileID: 247419553}
  redDot: {fileID: 1170192715}
  blueDot: {fileID: 786588189}
  targetWorldHoverHeight: 0
  targetLocalHoverHeight: 0.3154882
  locationMode: 2
  targetSpeed: 2
  detectedBeaconCount: 0
  cmsMapHeight: 21504
  cmsZoomScale: 100
  cmsWorldXOffset: -53.993862
  cmsWorldYOffset: -63.57513
  cmsLocalXOffset: 54.28062
  cmsLocalYOffset: 57.90537
--- !u!1 &1964379200
GameObject:
  m_ObjectHideFlags: 0
  m_PrefabParentObject: {fileID: 0}
  m_PrefabInternal: {fileID: 0}
  serializedVersion: 5
  m_Component:
  - component: {fileID: 1964379201}
  m_Layer: 0
  m_Name: Pivot
  m_TagString: Untagged
  m_Icon: {fileID: 0}
  m_NavMeshLayer: 0
  m_StaticEditorFlags: 0
  m_IsActive: 1
--- !u!4 &1964379201
Transform:
  m_ObjectHideFlags: 0
  m_PrefabParentObject: {fileID: 0}
  m_PrefabInternal: {fileID: 0}
  m_GameObject: {fileID: 1964379200}
  m_LocalRotation: {x: 0, y: 0, z: 0, w: 1}
  m_LocalPosition: {x: 0, y: 0, z: 0}
  m_LocalScale: {x: 1, y: 1, z: 1}
  m_Children:
  - {fileID: 1399255550}
  m_Father: {fileID: 678656309}
  m_RootOrder: 1
  m_LocalEulerAnglesHint: {x: 0, y: 0, z: 0}
--- !u!114 &1996344965 stripped
MonoBehaviour:
  m_PrefabParentObject: {fileID: 114234292527635520, guid: 67ed1204d6521bb42a5e874e0c951976,
    type: 2}
  m_PrefabInternal: {fileID: 974760460}
  m_Script: {fileID: 11500000, guid: ee7abbac048f81d44bafe6a4fb1135b2, type: 3}
